@article{spaldin2019advances,
  title={Advances in magnetoelectric multiferroics},
  author={Spaldin, Nicola A and Ramesh, Rammamoorthy},
  journal={Nature materials},
  volume={18},
  number={3},
  pages={203},
  year={2019},
  publisher={Nature Publishing Group}
}
@article{eerenstein2006multiferroic,
title={Multiferroic and magnetoelectric materials},
author={Eerenstein, W and Mathur, N D and Scott, J F},
journal={Nature},
volume={442},
number={7104},
pages={759--765},
year={2006}}
@article{fiebig2016the,
title={The evolution of multiferroics},
author={Fiebig, Manfred and Lottermoser, Thomas and Meier, Dennis and Trassin, Morgan},
journal={Nature Reviews Materials},
volume={1},
number={8},
pages={16046},
year={2016}}
@article{huang2018prediction,
title={Prediction of Intrinsic Ferromagnetic Ferroelectricity in a Transition-Metal Halide Monolayer},
author={Huang, Chengxi and Du, Yongping and Wu, Haiping and Xiang, Hongjun and Deng, Kaiming and Kan, Erjun},
journal={Physical Review Letters},
volume={120},
number={14},
pages={147601},
year={2018}}

@article{wang2009multiferroicity:,
title={Multiferroicity: the coupling between magnetic and polarization orders},
author={Wang, Kefeng and Liu, Junming and Ren, Zhifeng},
journal={Advances in Physics},
volume={58},
number={4},
pages={321--448},
year={2009}}

@article{dong2015multiferroic,
title={Multiferroic materials and magnetoelectric physics: symmetry, entanglement, excitation, and topology},
author={Dong, Shuai and Liu, Junming and Cheong, S W and Ren, Zhifeng},
journal={Advances in Physics},
volume={64},
pages={519--626},
year={2015}}

@article{yuan2019room-temperature,
title={Room-temperature ferroelectricity in MoTe 2 down to the atomic monolayer limit},
author={Yuan, Shuoguo and Luo, Xin and Chan, Hung Lit and Xiao, Chengcheng and Dai, Yawei and Xie, Maohai and Hao, Jianhua},
journal={Nature Communications},
volume={10},
number={1},
pages={1--6},
year={2019}}
    
@article{kan2013high-temperature,
title={High-temperature ferro-electricity in two-dimensional atomic crystal},
author={Kan, Erjun and Wu, Fang and Deng, Kaiming and Tang, Weihua},
journal={Applied Physics Letters},
volume={103},
number={19},
pages={193103},
year={2013}}
    
@article{fei2016ferroelectricity,
title={Ferroelectricity and Phase Transitions in Monolayer Group-IV Monochalcogenides.},
author={Fei, Ruixiang and Kang, Wei and Yang, Li},
journal={Physical Review Letters},
volume={117},
number={9},
pages={097601},
year={2016}}

@article{huang2017layer-dependent,
title={Layer-dependent ferromagnetism in a van der Waals crystal down to the monolayer limit},
author={Huang, Bevin and Clark, Genevieve and Navarromoratalla, Efren and Klein, Dahlia R and Cheng, Ran and Seyler, Kyle L and Zhong, Ding and Schmidgall, E R and Mcguire, Michael A and Cobden, David and others},
journal={Nature},
volume={546},
number={7657},
pages={270--273},
year={2017}}

@article{lei2017tuning,
title={Tuning phase transitions in FeSe thin flakes by field-effect transistor with solid ion conductor as the gate dielectric},
author={Lei, B and Wang, N Z and Shang, C and Meng, F B and Ma, L K and Luo, X G and Wu, Tom and Sun, Z and Wang, Yong and Jiang, Zheng and others},
journal={Physical Review B},
volume={95},
number={2},
pages={6},
year={2017}}
    
@article{刘俊明2019多铁性,
title={多铁性: 做出不可能},
author={刘俊明},
journal={物理学进展},
number={5},
pages={2},
year={2019}
}
@article{hill2000why,
title={Why Are There so Few Magnetic Ferroelectrics},
author={Hill, Nicola A},
journal={Journal of Physical Chemistry B},
volume={104},
number={29},
pages={6694--6709},
year={2000}}
    
@article{vaz2010magnetoelectric,
title={Magnetoelectric Coupling Effects in Multiferroic Complex Oxide Composite Structures},
author={Vaz, C A F and Hoffman, Jason and Ahn, C H and Ramesh, R},
journal={Advanced Materials},
volume={22},
pages={2900--2918},
year={2010}}
    
@article{姚携菲2014磁电多铁性材料的宠儿,
  title={磁电多铁性材料的宠儿: 铁酸铋 (BiFeO 3) 研究进展的十年回顾},
  author={姚携菲 and 张金星},
  journal={物理},
  volume={43},
  number={04},
  pages={227--235},
  year={2014}
}

@article{段纯刚2009磁电效应研究进展,
  title={磁电效应研究进展},
  author={段纯刚},
  journal={物理学进展},
  number={3},
  pages={215--238},
  year={2009}
}

@article{fox1977ferroelectrically,
  title={Ferroelectrically induced ferromagnetism},
  author={Fox, David L and Scott, JF},
  journal={Journal of Physics C: Solid State Physics},
  volume={10},
  number={11},
  pages={L329},
  year={1977},
  publisher={IOP Publishing}
}
@article{qin2015an,
title={An organic approach for nanostructured multiferroics},
author={Qin, Wei and Xu, Beibei and Ren, Shenqiang},
journal={Nanoscale},
volume={7},
number={20},
pages={9122--9132},
year={2015}}
@article{dzyaloshinsky1958thermodynamic,
  title={A thermodynamic theory of “weak” ferromagnetism of antiferromagnetics},
  author={Dzyaloshinsky, Igor},
  journal={Journal of Physics and Chemistry of Solids},
  volume={4},
  number={4},
  pages={241--255},
  year={1958},
  publisher={Elsevier}
}
@article{zhong1994phase,
title={Phase transitions in BaTiO3 from first principles.},
author={Zhong, W and Vanderbilt, David and Rabe, Karin M},
journal={Physical Review Letters},
volume={73},
number={13},
pages={1861--1864},
year={1994}}

@article{黄美纯2000密度泛函理论的若干进展,
  title={密度泛函理论的若干进展},
  author={黄美纯},
  year={2000}
}

@article{kohn1965self,
  title={Self-consistent equations including exchange and correlation effects},
  author={Kohn, Walter and Sham, Lu Jeu},
  journal={Physical review},
  volume={140},
  number={4A},
  pages={A1133},
  year={1965},
  publisher={APS}
}

@article{becke1992density,
  title={Density-functional thermochemistry. I. The effect of the exchange-only gradient correction},
  author={Becke, Axel D},
  journal={The Journal of chemical physics},
  volume={96},
  number={3},
  pages={2155--2160},
  year={1992},
  publisher={American Institute of Physics}
}

@article{黄时中1998双电子体系的简单自洽场计算,
  title={双电子体系的简单自洽场计算},
  author={黄时中  喻其山},
  journal={大学物理},
  volume={17},
  number={1},
  pages={7--7},
  year={1998}
}

@article{novoselov2004electric,
  title={Electric field effect in atomically thin carbon films},
  author={Novoselov, Kostya S and Geim, Andre K and Morozov, Sergei V and Jiang, D and Zhang, Y\_ and Dubonos, Sergey V and Grigorieva, Irina V and Firsov, Alexandr A},
  journal={science},
  volume={306},
  number={5696},
  pages={666--669},
  year={2004},
  publisher={American Association for the Advancement of Science}
}
@article{zhou2014carrier,
  title={Carrier induced magnetic coupling transitions in phthalocyanine-based organometallic sheet},
  author={Zhou, Jian and Sun, Qiang},
  journal={Nanoscale},
  volume={6},
  number={1},
  pages={328--333},
  year={2014},
  publisher={Royal Society of Chemistry}
}
@article{BENGEL199595,
title = "Tip-force induced surface corrugation in layered transition metal trichlorides MCl3 (M Ru, Mo, Rh, Ir)",
journal = "Surface Science",
volume = "343",
number = "1",
pages = "95 - 103",
year = "1995",
issn = "0039-6028",
doi = "https://doi.org/10.1016/0039-6028(95)00733-4",
url = "http://www.sciencedirect.com/science/article/pii/0039602895007334",
author = "H Bengel and H.-J Cantow and S.N Magonov and H Hillebrecht and G Thiele and W Liang and M.-H Whangbo",
keywords = "Atomic force microscopy, Surface relaxation, Tip-sample interactions",
abstract = "Layered transition metal trichlorides MCl3 (MRu, Mo, Rh, Ir) were studied with atomic force microscopy (AFM) at different applied forces in the 30–270 nN range to examine the tip-force induced surface corrugations. At low forces the AFM images exhibit the patterns corresponding to the centered hexagon arrangement of the surface Cl atoms. With increasing the force, the AFM pattern changes drastically as a result of the tip-force induced surface relaxation. In this relaxation, the central Cl atoms are more depressed than their neighboring Cl atoms, and the latter undergo a pairing in one direction. These observations reflect the local hardness variation in the surface Cl atoms of the top MCl3 layer that originates from the interlayer mechanical interactions."
}

@article{nan2019multiferroics,
  title={Multiferroics: a beautiful but challenging multi-polar world},
  author={Nan, Ce-Wen and Liu, Jun-Ming},
  journal={National Science Review},
  volume={6},
  number={4},
  pages={620--620},
  year={2019},
  publisher={Oxford University Press}
}

@article{dong2019magnetoelectricity,
  title={Magnetoelectricity in multiferroics: a theoretical perspective},
  author={Dong, Shuai and Xiang, Hongjun and Dagotto, Elbio},
  journal={National Science Review},
  volume={6},
  number={4},
  pages={629--641},
  year={2019},
  publisher={Oxford University Press}
}

@article{王克锋2008单相多铁性材料,
  title={单相多铁性材料——极化和磁性序参量的耦合与调控},
  author={王克锋  刘俊明 王雨},
  year={2008}
}
@article{moriya1960anisotropic,
  title={Anisotropic superexchange interaction and weak ferromagnetism},
  author={Moriya, T{\^o}ru},
  journal={Physical review},
  volume={120},
  number={1},
  pages={91},
  year={1960},
  publisher={APS}
}
@article{shirodkar2014emergence,
  title={Emergence of ferroelectricity at a metal-semiconductor transition in a 1 T monolayer of MoS 2},
  author={Shirodkar, Sharmila N and Waghmare, Umesh V},
  journal={Physical review letters},
  volume={112},
  number={15},
  pages={157601},
  year={2014},
  publisher={APS}
}

@article{di2015emergence,
  title={Emergence of ferroelectricity and spin-valley properties in two-dimensional honeycomb binary compounds},
  author={Di Sante, Domenico and Stroppa, Alessandro and Barone, Paolo and Whangbo, Myung-Hwan and Picozzi, Silvia},
  journal={Physical Review B},
  volume={91},
  number={16},
  pages={161401},
  year={2015},
  publisher={APS}
}

@article{guan2018tunable,
  title={Tunable ferroelectricity and anisotropic electric transport in monolayer $\beta$-GeSe},
  author={Guan, Shan and Liu, Chang and Lu, Yunhao and Yao, Yugui and Yang, Shengyuan A},
  journal={Physical Review B},
  volume={97},
  number={14},
  pages={144104},
  year={2018},
  publisher={APS}
}

@article{xiao2018elemental,
  title={Elemental Ferroelectricity and Antiferroelectricity in Group-V Monolayer},
  author={Xiao, Chengcheng and Wang, Fang and Yang, Shengyuan A and Lu, Yunhao and Feng, Yuanping and Zhang, Shengbai},
  journal={Advanced Functional Materials},
  volume={28},
  number={17},
  pages={1707383},
  year={2018},
  publisher={Wiley Online Library}
}
@article{chang2016discovery,
  title={Discovery of robust in-plane ferroelectricity in atomic-thick SnTe},
  author={Chang, Kai and Liu, Junwei and Lin, Haicheng and Wang, Na and Zhao, Kun and Zhang, Anmin and Jin, Feng and Zhong, Yong and Hu, Xiaopeng and Duan, Wenhui and others},
  journal={Science},
  volume={353},
  number={6296},
  pages={274--278},
  year={2016},
  publisher={American Association for the Advancement of Science}
}

@article{wan2017promising,
  title={Promising ferroelectricity in 2D group IV tellurides: a first-principles study},
  author={Wan, Wenhui and Liu, Chang and Xiao, Wende and Yao, Yugui},
  journal={Applied Physics Letters},
  volume={111},
  number={13},
  pages={132904},
  year={2017},
  publisher={AIP Publishing LLC}
}

@article{ding2017prediction,
  title={Prediction of intrinsic two-dimensional ferroelectrics in In 2 Se 3 and other III 2-VI 3 van der Waals materials},
  author={Ding, Wenjun and Zhu, Jianbao and Wang, Zhe and Gao, Yanfei and Xiao, Di and Gu, Yi and Zhang, Zhenyu and Zhu, Wenguang},
  journal={Nature communications},
  volume={8},
  number={1},
  pages={1--8},
  year={2017},
  publisher={Nature Publishing Group}
}

@article{zhou2017out,
  title={Out-of-plane piezoelectricity and ferroelectricity in layered $\alpha$-In2Se3 nanoflakes},
  author={Zhou, Yu and Wu, Di and Zhu, Yihan and Cho, Yujin and He, Qing and Yang, Xiao and Herrera, Kevin and Chu, Zhaodong and Han, Yu and Downer, Michael C and others},
  journal={Nano letters},
  volume={17},
  number={9},
  pages={5508--5513},
  year={2017},
  publisher={ACS Publications}
}

@article{cui2018intercorrelated,
  title={Intercorrelated in-plane and out-of-plane ferroelectricity in ultrathin two-dimensional layered semiconductor In2Se3},
  author={Cui, Chaojie and Hu, Wei-Jin and Yan, Xingxu and Addiego, Christopher and Gao, Wenpei and Wang, Yao and Wang, Zhe and Li, Linze and Cheng, Yingchun and Li, Peng and others},
  journal={Nano letters},
  volume={18},
  number={2},
  pages={1253--1258},
  year={2018},
  publisher={ACS Publications}
}

@article{zheng2018room,
  title={Room temperature in-plane ferroelectricity in van der Waals In2Se3},
  author={Zheng, Changxi and Yu, Lei and Zhu, Lin and Collins, James L and Kim, Dohyung and Lou, Yaoding and Xu, Chao and Li, Meng and Wei, Zheng and Zhang, Yupeng and others},
  journal={Science advances},
  volume={4},
  number={7},
  pages={eaar7720},
  year={2018},
  publisher={American Association for the Advancement of Science}
}

@article{fei2018ferroelectric,
  title={Ferroelectric switching of a two-dimensional metal},
  author={Fei, Zaiyao and Zhao, Wenjin and Palomaki, Tauno A and Sun, Bosong and Miller, Moira K and Zhao, Zhiying and Yan, Jiaqiang and Xu, Xiaodong and Cobden, David H},
  journal={Nature},
  volume={560},
  number={7718},
  pages={336--339},
  year={2018},
  publisher={Nature Publishing Group}
}

@article{liu2016room,
  title={Room-temperature ferroelectricity in CuInP 2 S 6 ultrathin flakes},
  author={Liu, Fucai and You, Lu and Seyler, Kyle L and Li, Xiaobao and Yu, Peng and Lin, Junhao and Wang, Xuewen and Zhou, Jiadong and Wang, Hong and He, Haiyong and others},
  journal={Nature communications},
  volume={7},
  number={1},
  pages={1--6},
  year={2016},
  publisher={Nature Publishing Group}
}

@article{xu2017monolayer,
  title={Monolayer AgBiP 2 Se 6: an atomically thin ferroelectric semiconductor with out-plane polarization},
  author={Xu, Bo and Xiang, Hui and Xia, Yidong and Jiang, Kun and Wan, Xiangang and He, Jun and Yin, Jiang and Liu, Zhiguo},
  journal={Nanoscale},
  volume={9},
  number={24},
  pages={8427--8434},
  year={2017},
  publisher={Royal Society of Chemistry}
}

@article{song2017off,
  title={Off-plane polarization ordering in metal chalcogen diphosphates from bulk to monolayer},
  author={Song, Wenshen and Fei, Ruixiang and Yang, Li},
  journal={Physical Review B},
  volume={96},
  number={23},
  pages={235420},
  year={2017},
  publisher={APS}
}

@article{kan2013high,
  title={High-temperature ferro-electricity in two-dimensional atomic crystal},
  author={Kan, Erjun and Wu, Fang and Deng, Kaiming and Tang, Weihua},
  journal={Applied Physics Letters},
  volume={103},
  number={19},
  pages={193103},
  year={2013},
  publisher={American Institute of Physics}
}

@article{wu2016ferroelectricity,
  title={Ferroelectricity in covalently functionalized two-dimensional materials: integration of high-mobility semiconductors and nonvolatile memory},
  author={Wu, Menghao and Dong, Shuai and Yao, Kailun and Liu, Junming and Zeng, Xiao Cheng},
  journal={Nano letters},
  volume={16},
  number={11},
  pages={7309--7315},
  year={2016},
  publisher={ACS Publications}
}

@article{chandrasekaran2017ferroelectricity,
  title={Ferroelectricity, antiferroelectricity, and ultrathin 2D electron/hole gas in multifunctional monolayer MXene},
  author={Chandrasekaran, Anand and Mishra, Avanish and Singh, Abhishek Kumar},
  journal={Nano letters},
  volume={17},
  number={5},
  pages={3290--3296},
  year={2017},
  publisher={ACS Publications}
}
@article{yang2017chemically,
  title={Chemically functionalized phosphorene: two-dimensional multiferroics with vertical polarization and mobile magnetism},
  author={Yang, Qing and Xiong, Wei and Zhu, Lin and Gao, Guoying and Wu, Menghao},
  journal={Journal of the American Chemical Society},
  volume={139},
  number={33},
  pages={11506--11512},
  year={2017},
  publisher={ACS Publications}
}

@article{kou2018multiferroic,
  title={Multiferroic and ferroic topological order in ligand-functionalized germanene and arsenene},
  author={Kou, Liangzhi and Ma, Yandong and Liao, Ting and Du, Aijun and Chen, Changfeng},
  journal={Physical Review Applied},
  volume={10},
  number={2},
  pages={024043},
  year={2018},
  publisher={APS}
}

@article{tu2017two,
  title={Two-dimensional metal-free organic multiferroic material for design of multifunctional integrated circuits},
  author={Tu, Zhengyuan and Wu, Menghao and Zeng, Xiao Cheng},
  journal={The journal of physical chemistry letters},
  volume={8},
  number={9},
  pages={1973--1978},
  year={2017},
  publisher={ACS Publications}
}

@article{li2017binary,
  title={Binary compound bilayer and multilayer with vertical polarizations: two-dimensional ferroelectrics, multiferroics, and nanogenerators},
  author={Li, Lei and Wu, Menghao},
  journal={ACS nano},
  volume={11},
  number={6},
  pages={6382--6388},
  year={2017},
  publisher={ACS Publications}
}

@article{luo2017two,
  title={Two-dimensional hyperferroelectric metals: a different route to ferromagnetic-ferroelectric multiferroics},
  author={Luo, Wei and Xu, Ke and Xiang, Hongjun},
  journal={Physical Review B},
  volume={96},
  number={23},
  pages={235415},
  year={2017},
  publisher={APS}
}

@article{qi2018two,
  title={Two-dimensional multiferroic semiconductors with coexisting ferroelectricity and ferromagnetism},
  author={Qi, Jingshan and Wang, Hua and Chen, Xiaofang and Qian, Xiaofeng},
  journal={Applied Physics Letters},
  volume={113},
  number={4},
  pages={043102},
  year={2018},
  publisher={AIP Publishing LLC}
}


@article{guo2018strain,
  title={Strain-induced ferroelectricity and spin-lattice coupling in SrMn O 3 thin films},
  author={Guo, JW and Wang, PS and Yuan, Y and He, Q and Lu, JL and Chen, TZ and Yang, SZ and Wang, YJ and Erni, R and Rossell, MD and others},
  journal={Physical Review B},
  volume={97},
  number={23},
  pages={235135},
  year={2018},
  publisher={APS}
}

@article{zhang2018type,
  title={Type-II multiferroic Hf2VC2F2 MXene monolayer with high transition temperature},
  author={Zhang, Jun-Jie and Lin, Lingfang and Zhang, Yang and Wu, Menghao and Yakobson, Boris I and Dong, Shuai},
  journal={Journal of the American Chemical Society},
  volume={140},
  number={30},
  pages={9768--9773},
  year={2018},
  publisher={ACS Publications}
}
@article{xu2020electrical,
  title={Electrical Control of Magnetic Phase Transition in a Type-I Multiferroic Double-Metal Trihalide Monolayer},
  author={Xu, Meiling and Huang, Chengxi and Li, Yinwei and Liu, Siyu and Zhong, Xin and Jena, Puru and Kan, Erjun and Wang, Yanchao},
  journal={Physical Review Letters},
  volume={124},
  number={6},
  pages={067602},
  year={2020},
  publisher={APS}
}
@article{ ISI:A1993KJ51800070,
Author = {KINGSMITH, RD and VANDERBILT, D},
Title = {{THEORY OF POLARIZATION OF CRYSTALLINE SOLIDS}},
Journal = {{PHYSICAL REVIEW B}},
Year = {{1993}},
Volume = {{47}},
Number = {{3}},
Pages = {{1651-1654}},
Month = {{JAN 15}},
DOI = {{10.1103/PhysRevB.47.1651}},
ISSN = {{0163-1829}},
ORCID-Numbers = {{Vanderbilt, David/0000-0002-2465-9091}},
Unique-ID = {{ISI:A1993KJ51800070}},
}
@article{ ISI:000274700900024,
Author = {Choi, T. and Horibe, Y. and Yi, H. T. and Choi, Y. J. and Wu, Weida and
   Cheong, S. -W.},
Title = {{Insulating interlocked ferroelectric and structural antiphase domain
   walls in multiferroic YMnO3}},
Journal = {{NATURE MATERIALS}},
Year = {{2010}},
Volume = {{9}},
Number = {{3}},
Pages = {{253-258}},
Month = {{MAR}},
DOI = {{10.1038/NMAT2632}},
ISSN = {{1476-1122}},
ResearcherID-Numbers = {{Choi, Taekjib/H-8791-2012
   Wu, Weida/F-2092-2011
   Kim, Yu Jin/A-2433-2012
   Yi, Hee Taek/F-6399-2010}},
ORCID-Numbers = {{Choi, Taekjib/0000-0001-6912-3322
   Wu, Weida/0000-0003-1691-6091
   }},
Unique-ID = {{ISI:000274700900024}},
}
@article{ ISI:000480497100035,
Author = {Huang, Chengxi and Feng, Junsheng and Zhou, Jian and Xiang, Hongjun and
   Deng, Kaiming and Kan, Erjun},
Title = {{Ultra-High-Temperature Ferromagnetism in Intrinsic Tetrahedral
   Semiconductors}},
Journal = {{JOURNAL OF THE AMERICAN CHEMICAL SOCIETY}},
Year = {{2019}},
Volume = {{141}},
Number = {{31}},
Pages = {{12413-12418}},
Month = {{AUG 7}},
DOI = {{10.1021/jacs.9b06452}},
ISSN = {{0002-7863}},
EISSN = {{1520-5126}},
ResearcherID-Numbers = {{Huang, Chengxi/C-9271-2019
   Xiang, Hongjun/I-4305-2016
   Kan, Erjun/A-4322-2009
   Zhou, Jian/AAI-1003-2019}},
ORCID-Numbers = {{Huang, Chengxi/0000-0003-1491-3954
   Xiang, Hongjun/0000-0002-9396-3214
   Kan, Erjun/0000-0003-0433-4190
   Zhou, Jian/0000-0002-2606-4833}},
Unique-ID = {{ISI:000480497100035}},
}

@article{katsura2005spin,
  title={Spin current and magnetoelectric effect in noncollinear magnets},
  author={Katsura, Hosho and Nagaosa, Naoto and Balatsky, Alexander V},
  journal={Physical review letters},
  volume={95},
  number={5},
  pages={057205},
  year={2005},
  publisher={APS}
}
@article{WANG20122063,
title = "CALYPSO: A method for crystal structure prediction",
journal = "Computer Physics Communications",
volume = "183",
number = "10",
pages = "2063 - 2070",
year = "2012",
issn = "0010-4655",
doi = "https://doi.org/10.1016/j.cpc.2012.05.008",
url = "http://www.sciencedirect.com/science/article/pii/S0010465512001762",
author = "Yanchao Wang and Jian Lv and Li Zhu and Yanming Ma",
keywords = "Structure prediction, Particle swarm optimization algorithm, Crystal structure",
abstract = "We have developed a software package CALYPSO (Crystal structure AnaLYsis by Particle Swarm Optimization) to predict the energetically stable/metastable crystal structures of materials at given chemical compositions and external conditions (e.g., pressure). The CALYPSO method is based on several major techniques (e.g. particle-swarm optimization algorithm, symmetry constraints on structural generation, bond characterization matrix on elimination of similar structures, partial random structures per generation on enhancing structural diversity, and penalty function, etc.) for global structural minimization from scratch. All of these techniques have been demonstrated to be critical to the prediction of global stable structure. We have implemented these techniques into the CALYPSO code. Testing of the code on many known and unknown systems shows high efficiency and the highly successful rate of this CALYPSO method [Y. Wang, J. Lv, L. Zhu, Y. Ma, Phys. Rev. B 82 (2010) 094116] [29]. In this paper, we focus on descriptions of the implementation of CALYPSO code and why it works."
}
@article{PhysRevB.82.094116,
  title = {Crystal structure prediction via particle-swarm optimization},
  author = {Wang, Yanchao and Lv, Jian and Zhu, Li and Ma, Yanming},
  journal = {Phys. Rev. B},
  volume = {82},
  issue = {9},
  pages = {094116},
  numpages = {8},
  year = {2010},
  month = {Sep},
  publisher = {American Physical Society},
  doi = {10.1103/PhysRevB.82.094116},
  url = {https://link.aps.org/doi/10.1103/PhysRevB.82.094116}
}
@article{wang2017two,
  title={Two-dimensional multiferroics in monolayer group IV monochalcogenides},
  author={Wang, Hua and Qian, Xiaofeng},
  journal={2D Materials},
  volume={4},
  number={1},
  pages={015042},
  year={2017},
  publisher={IOP Publishing}
}@article{ ISI:000363915300044,
Author = {Blonsky, Michael N. and Zhuang, Houlong L. and Singh, Arunima K. and
   Hennig, Richard G.},
Title = {{Ab Initio Prediction of Piezoelectricity in Two-Dimensional Materials}},
Journal = {{ACS NANO}},
Year = {{2015}},
Volume = {{9}},
Number = {{10}},
Pages = {{9885-9891}},
Month = {{OCT}},
DOI = {{10.1021/acsnano.5b03394}},
ISSN = {{1936-0851}},
EISSN = {{1936-086X}},
ResearcherID-Numbers = {{Zhuang, Houlong/D-8801-2014
   Hennig, Richard/A-2978-2008
   }},
ORCID-Numbers = {{Zhuang, Houlong/0000-0002-3845-4601
   Hennig, Richard/0000-0003-4933-7686
   Singh, Arunima/0000-0002-7212-6310
   Blonsky, Michael/0000-0001-8732-9922}},
Unique-ID = {{ISI:000363915300044}},
}

﻿
@article{ ISI:000318143300005,
Author = {Butler, Sheneve Z. and Hollen, Shawna M. and Cao, Linyou and Cui, Yi and
   Gupta, Jay A. and Gutierrez, Humberto R. and Heinz, Tony F. and Hong,
   Seung Sae and Huang, Jiaxing and Ismach, Ariel F. and Johnston-Halperin,
   Ezekiel and Kuno, Masaru and Plashnitsa, Vladimir V. and Robinson,
   Richard D. and Ruoff, Rodney S. and Salahuddin, Sayeef and Shan, Jie and
   Shi, Li and Spencer, Michael G. and Terrones, Mauricio and Windl,
   Wolfgang and Goldberger, Joshua E.},
Title = {{Progress, Challenges, and Opportunities in Two-Dimensional Materials
   Beyond Graphene}},
Journal = {{ACS NANO}},
Year = {{2013}},
Volume = {{7}},
Number = {{4}},
Pages = {{2898-2926}},
Month = {{APR}},
DOI = {{10.1021/nn400280c}},
ISSN = {{1936-0851}},
EISSN = {{1936-086X}},
ResearcherID-Numbers = {{Ismach, Ariel/AAH-4462-2019
   Ruoff, Rodney/K-3879-2015
   Windl, Wolfgang/C-7255-2012
   ismach, ariel/A-9913-2015
   Kuno, Masaru/K-2673-2012
   Shi, Li/C-8123-2013
   Cui, Yi/L-5804-2013
   Huang, Jiaxing/B-7521-2009
   Terrones, Mauricio/B-3829-2014
   Heinz, Tony/K-7797-2015
   Goldberger, Joshua/F-5484-2011
   Johnston-Halperin, Ezekiel/B-5902-2012
   Huang, Jiaxing/A-9417-2012
   Windl, Wolfgang/N-8077-2019
   Goldberger, Joshua/N-8963-2016
   }},
ORCID-Numbers = {{Windl, Wolfgang/0000-0001-5892-0684
   ismach, ariel/0000-0002-4328-9591
   Kuno, Masaru/0000-0003-4210-8514
   Shi, Li/0000-0002-5401-6839
   Cui, Yi/0000-0002-6103-6352
   Terrones, Mauricio/0000-0003-0010-2851
   Heinz, Tony/0000-0003-1365-9464
   Goldberger, Joshua/0000-0003-4284-604X
   Windl, Wolfgang/0000-0001-5892-0684
   Goldberger, Joshua/0000-0003-4284-604X
   Huang, Jiaxing/0000-0001-9176-8901
   Johnston-Halperin, Ezekiel/0000-0002-6240-3505
   Hollen, Shawna/0000-0002-9158-7876}},
Unique-ID = {{ISI:000318143300005}},
}

@article{ ISI:000309505400023,
Author = {Duerloo, Karel-Alexander N. and Ong, Mitchell T. and Reed, Evan J.},
Title = {{Intrinsic Piezoelectricity in Two-Dimensional Materials}},
Journal = {{JOURNAL OF PHYSICAL CHEMISTRY LETTERS}},
Year = {{2012}},
Volume = {{3}},
Number = {{19}},
Pages = {{2871-2876}},
Month = {{OCT 4}},
DOI = {{10.1021/jz3012436}},
ISSN = {{1948-7185}},
ResearcherID-Numbers = {{Duerloo, Karel-Alexander/J-1841-2012}},
Unique-ID = {{ISI:000309505400023}},
}
@article{ ISI:000088490500004,
Author = {Hill, NA},
Title = {{Why are there so few magnetic ferroelectrics?}},
Journal = {{JOURNAL OF PHYSICAL CHEMISTRY B}},
Year = {{2000}},
Volume = {{104}},
Number = {{29}},
Pages = {{6694-6709}},
Month = {{JUL 27}},
DOI = {{10.1021/jp000114x}},
ISSN = {{1520-6106}},
ResearcherID-Numbers = {{Spaldin, Nicola A/A-1017-2010}},
ORCID-Numbers = {{Spaldin, Nicola A/0000-0003-0709-9499}},
Unique-ID = {{ISI:000088490500004}},
}
@article{ ISI:000230853300010,
Author = {Novoselov, KS and Jiang, D and Schedin, F and Booth, TJ and Khotkevich,
   VV and Morozov, SV and Geim, AK},
Title = {{Two-dimensional atomic crystals}},
Journal = {{PROCEEDINGS OF THE NATIONAL ACADEMY OF SCIENCES OF THE UNITED STATES OF
   AMERICA}},
Year = {{2005}},
Volume = {{102}},
Number = {{30}},
Pages = {{10451-10453}},
Month = {{JUL 26}},
DOI = {{10.1073/pnas.0502848102}},
ISSN = {{0027-8424}},
ResearcherID-Numbers = {{Novoselov, Kostya S/G-9581-2014
   Geim, Andre K/J-7888-2012
   Jiang, Da/E-3543-2013
   Booth, Timothy J/A-5847-2012
   Morozov, Sergey V/H-3171-2014
   马, 军/D-8971-2011}},
ORCID-Numbers = {{Novoselov, Kostya S/0000-0003-4972-5371
   Geim, Andre K/0000-0003-2861-8331
   Booth, Timothy J/0000-0002-9784-989X
   Morozov, Sergey V/0000-0003-3075-7787
   }},
Unique-ID = {{ISI:000230853300010}},
}
